% Encoding: UTF-8

@online{agile_manifesto,
	author = {Beck, Kent and Beedle, Mike and van Bennekum, Arie and Cockburn, Alistair and Cunningham, Ward and Fowler, Martin and Grenning, James and Highsmith, Jim and Hunt, Andrew and Jeffries, Ron and Kern, Jon and Marick, Brian and Martin, Robert C. and Mellor, Steve and Schwaber, Ken and Sutherland, Jeff and Thomas, Dave},
	title = {Manifesto for Agile Software Development},
	year = {2001},
	url = {https://agilemanifesto.org/},
	urldate = {2020-01-31},
}

@book{mora_conversaciones_2017,
	location = {Madrid},
	edition = {1},
	title = {Conversaciones con {CEOs} y {CIOs} sobre Transformación Digital y Metodologías Ágiles},
	isbn = {978-84-946851-0-1},
	pagetotal = {182},
	publisher = {Agibilibooks},
	author = {Mora, Roberto Canales},
	date = {2017-05-17}
}

@online{macisaac_eclipse,
	title = {Eclipse Process Framework Project ({EPF}) {\textbar} The Eclipse Foundation},
	url = {https://www.eclipse.org/epf/},
	abstract = {The Eclipse Foundation - home to a global community, the Eclipse {IDE}, Jakarta {EE} and over 350 open source projects, including runtimes, tools and frameworks.},
	author = {MacIsaac, Bruce and van der Straate, Onno and Balduino, Ricardo},
	year = {2018},
	urldate = {2020-01-28}
}

@inproceedings{cingolani_jfuzzylogic_2012,
	location = {Brisbane, Australia},
	title = {{jFuzzyLogic}: a robust and flexible Fuzzy-Logic inference system language implementation},
	doi = {10.1109/FUZZ-IEEE.2012.6251215},
	shorttitle = {{jFuzzyLogic}},
	eventtitle = {2012 {IEEE} International Conference on Fuzzy Systems ({FUZZ}-{IEEE})},
	pages = {1--8},
	booktitle = {2012 {IEEE} International Conference on Fuzzy Systems},
	publisher = {{IEEE}},
	author = {Cingolani, Pablo and Alcalá-Fdez, Jesús},
	date = {2012-06},
	langid = {english},
}

@article{cingolani_jfuzzylogic_2013,
	title = {{jFuzzyLogic}: a Java Library to Design Fuzzy Logic Controllers According to the Standard for Fuzzy Control Programming},
	volume = {6},
	doi = {10.1080/18756891.2013.818190},
	shorttitle = {{jFuzzyLogic}},
	pages = {61--75},
	issue = {sup1},
	journaltitle = {International Journal of Computational Intelligence Systems},
	shortjournal = {International Journal of Computational Intelligence Systems},
	author = {Cingolani, Pablo and Alcalá-Fdez, Jesús},
	date = {2013-06},
	langid = {english},
}

@WWW{salidoTFGgit,
	author       = {Jesús Salido},
	title        = {Plantilla guía de TFG de la ESI-UCLM},
	year         = {2020},
	editor       = {GitHub},
	organization = {Universidad de Castilla-La Mancha},
	url          = {https://github.com/JesusSalido/TFG_ESI_UCLM},
}

@report{toro_metodologia_2000,
	location = {Sevilla},
	title = {Metodología para la Elicitación de Requisitos de Sistemas Software},
	url = {http://www.lsi.us.es/docs/informes/lsi-2000-10.pdf},
	pages = {78},
	author = {Toro, Amador Durán and Jiménez, Beatriz Bernárdez},
	date = {2000-10},
}

@online{tecnoempleo,
	author = {Tecnoempleo},
	year = {2020},
	title = {Datos y estadísticas sobre el Empleo en Informática y Tecnología - tecnoempleo.com},
	url = {https://www.tecnoempleo.com/informe-empleo-informatica.php},
	urldate = {2020-05-26},
}

@online{layered_architecture,
	title = {Layered Architecture - Software Architecture Patterns},
	url = {https://www.oreilly.com/library/view/software-architecture-patterns/9781491971437/ch01.html},
	abstract = {Chapter 1. Layered Architecture The most common architecture pattern is the layered architecture pattern, otherwise known as the n-tier architecture pattern. This pattern is the de facto standard for most … - Selection from Software Architecture Patterns [Book]},
	urldate = {2020-05-15},
	year = {2015},
	author = {Richards, Mark},
	note = {Library Catalog: www.oreilly.com},
}

@online{spring_boot,
	author = {Spring},
	title = {Spring Boot},
	year = {2020},
	url = {https://spring.io/projects/spring-boot},
	abstract = {Level up your Java code and explore what Spring can do for you.},
	note = {Library Catalog: spring.io},
}

@online{api_rest,
	title = {What is {REST} – Learn to create timeless {REST} {APIs}},
	url = {https://restfulapi.net/},
	year = {2018},
	author = {Gupta, Lokesh },
	abstract = {{REST} is an architecture style for designing networked applications. {REST} is a lightweight alternative to mechanisms like {RPC} (Remote Procedure Calls) and Web Services ({SOAP}) etc.},
	urldate = {2020-05-14},
	note = {Library Catalog: restfulapi.net},
}

@article{kwan_does_2011,
  	author={Kwan, Irwin and Schr{\"o}ter, Adrian and Damian, Daniela},
	journal={IEEE Transactions on Software Engineering},   
	title={Does Socio-Technical Congruence Have an Effect on Software Build Success? A Study of Coordination in a Software Project},   
	year={2011},  
	volume={37},  
	number={3},  
	pages={307-324},
}

@inproceedings{kwan_weighted_2009,
  title={A weighted congruence measure},
  author={Kwan, Irwin and Schr{\"o}ter, Adrian and Damian, Daniela},
  booktitle={Workshop on SocioTechnical Congruence},
  pages={1--4},
  year={2009}
}

@book{hofstede_cultures_2004,
	title = {Cultures and Organizations. Software of the Mind},
	author = {Hofstede, Geert},
	volume = {2},
	isbn = {978-0-07-143959-6},
	date = {2004-01-01}
}

@misc{hofstede_compare,
	title = {Compare countries},
	author = {Hofstede, Geert},
	url = {https://www.hofstede-insights.com/product/compare-countries/},
	titleaddon = {Hofstede Insights}
}

@misc{hofstede_dimensions,
	title = {The 6 dimensions model of national culture by Geert Hofstede},
	author = {Hofstede, Geert},
	url = {https://geerthofstede.com/culture-geert-hofstede-gert-jan-hofstede/6d-model-of-national-culture/}
}

@online{FCL,
	author = {IEC},
	title = {Fuzzy Control Language ({FCL}). IEC 61131-7 standard},
	url = {http://ffll.sourceforge.net/fcl.htm},
	year = {1997}
}

@book{mate_1998,
	location = {Córdoba (Argentina)},
	title = {Ingeniería del conocimiento. Diseño y construcción de sistemas expertos.},
	isbn = {950-9592-06-4},
	publisher = {{SEPA}},
	author = {Maté, José Luis and Pazos, Juan},
	date = {1998}
}

@article{sierra_systematic_2018,
	title = {A systematic mapping study about socio-technical congruence},
	volume = {94},
	issn = {0950-5849},
	doi = {10.1016/j.infsof.2017.10.004},
	pages = {111--129},
	journaltitle = {Information and Software Technology},
	shortjournal = {Information and Software Technology},
	author = {Sierra, José María and Vizcaíno, Aurora and Genero, Marcela and Piattini, Mario},
	date = {2018-02-01},
	langid = {english},
}

@inproceedings{cataldo_socio-technical_2008,
	location = {Kaiserslautern, Germany},
	title = {Socio-technical congruence: a framework for assessing the impact of technical and work dependencies on software development productivity},
	isbn = {978-1-59593-971-5},
	url = {https://doi.org/10.1145/1414004.1414008},
	doi = {10.1145/1414004.1414008},
	series = {{ESEM} '08},
	shorttitle = {Socio-technical congruence},
	pages = {2--11},
	booktitle = {Proceedings of the Second {ACM}-{IEEE} international symposium on Empirical software engineering and measurement},
	publisher = {Association for Computing Machinery},
	author = {Cataldo, Marcelo and Herbsleb, James D. and Carley, Kathleen M.},
	date = {2008-10-09},
}

@inproceedings{cataldo_identification_2006,
	location = {Banff, Alberta, Canada},
	title = {Identification of coordination requirements: implications for the Design of collaboration and awareness tools},
	isbn = {978-1-59593-249-5},
	url = {https://doi.org/10.1145/1180875.1180929},
	doi = {10.1145/1180875.1180929},
	series = {{CSCW} '06},
	shorttitle = {Identification of coordination requirements},
	booktitle = {Proceedings of the 2006 20th anniversary conference on Computer supported cooperative work},
	publisher = {Association for Computing Machinery},
	author = {Cataldo, Marcelo and Wagstrom, Patrick A. and Herbsleb, James D. and Carley, Kathleen M.},
	date = {2006-11-04},
}

@inproceedings{valetto_using_2007,
	title = {Using Software Repositories to Investigate Socio-technical Congruence in Development Projects},
	doi = {10.1109/MSR.2007.33},
	eventtitle = {Fourth International Workshop on Mining Software Repositories ({MSR}'07:{ICSE} Workshops 2007)},
	pages = {25--25},
	booktitle = {Fourth International Workshop on Mining Software Repositories ({MSR}'07:{ICSE} Workshops 2007)},
	author = {Valetto, Giuseppe and Helander, Mary and Ehrlich, Kate and Chulani, Sunita and Wegman, Mark and Williams, Clay},
	date = {2007-05},
	note = {{ISSN}: 2160-1860},
}

@article{portillo_2014,
	title = "Using agents to manage Socio-Technical Congruence in a Global Software Engineering project",
	journal = "Information Sciences",
	volume = "264",
	pages = "230 - 259",
	year = "2014",
	issn = "0020-0255",
	doi = "https://doi.org/10.1016/j.ins.2014.01.009",
	author = "Portillo-Rodríguez, Javier and Vizcaíno, Aurora and Piattini, Mario and Beecham, Sarah",
}

@article{conchuir_global_2009,
	title = {Global software development: where are the benefits?},
	volume = {52},
	issn = {0001-0782},
	url = {https://doi.org/10.1145/1536616.1536648},
	doi = {10.1145/1536616.1536648},
	shorttitle = {Global software development},
	pages = {127--131},
	number = {8},
	journaltitle = {Communications of the {ACM}},
	shortjournal = {Commun. {ACM}},
	author = {Conchúir, Eoin Ó and Ågerfalk, Pär J. and Olsson, Helena H. and Fitzgerald, Brian},
	date = {2009-08-01},
}

@inproceedings{agerfalk_benefits_2008,
	location = {Berlin, Heidelberg},
	title = {Benefits of Global Software Development: The Known and Unknown},
	isbn = {978-3-540-79588-9},
	doi = {10.1007/978-3-540-79588-9_1},
	series = {Lecture Notes in Computer Science},
	shorttitle = {Benefits of Global Software Development},
	pages = {1--9},
	booktitle = {Making Globally Distributed Software Development a Success Story},
	publisher = {Springer},
	author = {Ågerfalk, Pär J. and Fitzgerald, Brian and Holmström Olsson, Helena and Ó Conchúir, Eoin},
	date = {2008},
	langid = {english},
}

@article{peng_collaborative_2014,
	title = {Collaborative Software Development Platforms for Crowdsourcing},
	volume = {31},
	issn = {1937-4194},
	doi = {10.1109/MS.2014.31},
	abstract = {Outsourcing to the crowd, or crowdsourcing, has launched extremely successful businesses, such as Linux. But platforms for efficient collaboration and crowdsourcing support are still emerging. This article provides an overview of current technologies for crowdsourcing.},
	pages = {30--36},
	number = {2},
	journaltitle = {{IEEE} Software},
	author = {Peng, Xin and Ali Babar, Muhammad and Ebert, Christof},
	date = {2014-03},
	note = {Conference Name: {IEEE} Software},
}

@inproceedings{saleem_understanding_2019,
	title = {Understanding the Different Levels of Challenges in Global Software Development},
	doi = {10.1109/ICGSE.2019.00027},
	eventtitle = {2019 {ACM}/{IEEE} 14th International Conference on Global Software Engineering ({ICGSE})},
	pages = {76--77},
	booktitle = {2019 {ACM}/{IEEE} 14th International Conference on Global Software Engineering ({ICGSE})},
	author = {Saleem, Nazish and Mathrani, Sanjay and Taskin, Nazim},
	date = {2019-05},
}

@inproceedings{niazi_challenges_2013,
	title = {Challenges of project management in Global Software Development: Initial results},
	shorttitle = {Challenges of project management in Global Software Development},
	eventtitle = {2013 Science and Information Conference},
	pages = {202--206},
	booktitle = {2013 Science and Information Conference},
	author = {Niazi, Mahmood and Mahmood, Sajjad and Alshayeb, Mohammad and Riaz, Mohammed Rehan and Faisal, Kanaan and Cerpa, Narciso},
	date = {2013-10},
}

@inproceedings{shameem_systematic_2018,
	title = {A systematic literature review to identify human related challenges in globally distributed agile software development: towards a hypothetical model for scaling agile methodologies},
	doi = {10.1109/CCAA.2018.8777533},
	shorttitle = {A systematic literature review to identify human related challenges in globally distributed agile software development},
	eventtitle = {2018 4th International Conference on Computing Communication and Automation ({ICCCA})},
	pages = {1--7},
	booktitle = {2018 4th International Conference on Computing Communication and Automation ({ICCCA})},
	author = {Shameem, Mohammad and Chandra, Bibhas and Kumar, Rakesh Ranjan and Kumar, Chiranjeev},
	date = {2018-12},
	note = {{ISSN}: 2642-7354},
}

@article{malik_geographical_2018,
	title = {Geographical distance and communication challenges in global software development: A review},
	volume = {9},
	doi = {10.14569/IJACSA.2018.090553},
	shorttitle = {Geographical distance and communication challenges in global software development},
	pages = {406--414},
	number = {5},
	journaltitle = {International Journal of Advanced Computer Science and Applications},
	author = {Malik, B.H. and Faroom, S. and Ali, M.N. and Shehzad, N. and Yousaf, S. and Saleem, H.},
	date = {2018},
}

@article{manjavacas_global_2020,
	title = {Global software development governance: Challenges and solutions},
	doi = {10.1002/smr.2266},
	shorttitle = {Global software development governance},
	journaltitle = {Journal of Software: Evolution and Process},
	author = {Manjavacas, A. and Vizcaíno, A. and Ruiz, F. and Piattini, M.},
	date = {2020},
}

@article{al-zaidi_global_2017,
	title = {Global software development geographical distance communication challenges},
	volume = {14},
	pages = {215--222},
	number = {2},
	journaltitle = {International Arab Journal of Information Technology},
	author = {Al-Zaidi, A. and Qureshi, R.},
	date = {2017},
}

@article{conway_how_1968,
	title = {How do committees invent},
	volume = {14},
	pages = {28--31},
	number = {4},
	journaltitle = {Datamation},
	shortjournal = {Datamation},
	author = {Conway, Melvin E},
	date = {1968}
}

@article{kwan_conways_2012,
	title = {Conway's Law Revisited: The Evidence for a Task-Based Perspective},
	volume = {29},
	issn = {1937-4194},
	doi = {10.1109/MS.2012.3},
	shorttitle = {Conway's Law Revisited},
	pages = {90--93},
	number = {1},
	journaltitle = {{IEEE} Software},
	author = {Kwan, Irwin and Cataldo, Marcelo and Damian, Daniela},
	date = {2012-01},
	note = {Conference Name: {IEEE} Software},
}

@article{herbsleb_architectures_1999,
	title = {Architectures, coordination, and distance: Conway's law and beyond},
	volume = {16},
	issn = {1937-4194},
	doi = {10.1109/52.795103},
	shorttitle = {Architectures, coordination, and distance},
	pages = {63--70},
	number = {5},
	journaltitle = {{IEEE} Software},
	author = {Herbsleb, J.D. and Grinter, R.E.},
	date = {1999-09},
	note = {Conference Name: {IEEE} Software},
}

@inproceedings{kwan_extending_2011,
	location = {Szeged, Hungary},
	title = {Extending socio-technical congruence with awareness relationships},
	isbn = {978-1-4503-0850-2},
	url = {https://doi.org/10.1145/2024645.2024652},
	doi = {10.1145/2024645.2024652},
	series = {{SSE} '11},
	pages = {23--30},
	booktitle = {Proceedings of the 4th international workshop on Social software engineering},
	publisher = {Association for Computing Machinery},
	author = {Kwan, Irwin and Damian, Daniela},
	date = {2011-09-05},
}

@article{cataldo_coordination_2013,
	title = {Coordination Breakdowns and Their Impact on Development Productivity and Software Failures},
	volume = {39},
	issn = {1939-3520},
	doi = {10.1109/TSE.2012.32},
	pages = {343--360},
	number = {3},
	journaltitle = {{IEEE} Transactions on Software Engineering},
	author = {Cataldo, Marcelo and Herbsleb, James D.},
	date = {2013-03},
	note = {Conference Name: {IEEE} Transactions on Software Engineering},
}

@article{wagstrom_communication_2010,
	title = {Communication, team performance, and the individual: bridging technical dependencies.},
	volume = {2010},
	issn = {0065-0668},
	doi = {10.5465/ambpp.2010.54500789},
	shorttitle = {Communication, team performance, and the individual},
	pages = {1--7},
	number = {1},
	journaltitle = {Academy of Management Proceedings},
	shortjournal = {Proceedings},
	author = {Wagstrom, Patrick and Herbsleb, James D. and Carley, Kathleen M.},
	urldate = {2020-05-17},
	date = {2010-08-01},
	note = {Publisher: Academy of Management},
}

@inproceedings{sarma_challenges_2008,
	title = {Challenges in Measuring, Understanding, and Achieving Social-Technical Congruence},
	author = {Sarma, Anita and Herbsleb, James and Hoek, André van der},
	date = {2008},
}

@inproceedings{smite_socio-technical_2012,
	location = {Berlin, Heidelberg},
	title = {Socio-technical Congruence Sabotaged by a Hidden Onshore Outsourcing Relationship: Lessons Learned from an Empirical Study},
	isbn = {978-3-642-31063-8},
	doi = {10.1007/978-3-642-31063-8_15},
	series = {Lecture Notes in Computer Science},
	shorttitle = {Socio-technical Congruence Sabotaged by a Hidden Onshore Outsourcing Relationship},
	pages = {190--202},
	booktitle = {Product-Focused Software Process Improvement},
	publisher = {Springer},
	author = {Šmite, Darja and Galviņa, Zane},
	date = {2012},
	langid = {english},
}

@online{ehrlich_analysis_2008,
	title = {An Analysis of Congruence Gaps and Their Effect on Distributed Software Development},
	author = {Ehrlich, Kate and Helander, Mary E. and Valetto, Giuseppe and Davies, Scott H. and Williams, Carl J.},
	date = {2008},
	langid = {english},
}

@inproceedings{marczak_investigating_2009,
	title = {Investigating Collaboration Driven by Requirements in Cross-Functional Software Teams},
	doi = {10.1109/CIRCUS.2009.2},
	eventtitle = {2009 Collaboration and Intercultural Issues on Requirements: Communication, Understanding and Softskills},
	pages = {15--22},
	booktitle = {2009 Collaboration and Intercultural Issues on Requirements: Communication, Understanding and Softskills},
	author = {Marczak, Sabrina and Kwan, Irwin and Damian, Daniela},
	date = {2009-08},
}

@book{syeed_socio-technical_2015,
	title = {On the Socio-Technical Dependencies in Free/Libre/Open Source Software Projects},
	isbn = {978-952-15-3525-3},
	publisher = {Tampere University of Technology},
	author = {Syeed, {MM} Mahbubul},
	date = {2015},
	langid = {english}
}

@article{syeed_socio-technical_2014-1,
	title = {Socio-Technical Dependencies in Forked {OSS} Projects: Evidence from the {BSD} Family.},
	volume = {9},
	pages = {2895--2909},
	number = {11},
	journaltitle = {{JSW}},
	shortjournal = {{JSW}},
	author = {Syeed, {MM} Mahbubul and Hammouda, Imed},
	date = {2014}
}

@inproceedings{syeed_socio-technical_2014,
	location = {Berlin, Germany},
	title = {Socio-Technical Congruence in the Ruby Ecosystem},
	isbn = {978-1-4503-3016-9},
	url = {https://doi.org/10.1145/2641580.2641586},
	doi = {10.1145/2641580.2641586},
	series = {{OpenSym} '14},
	pages = {1--9},
	booktitle = {Proceedings of The International Symposium on Open Collaboration},
	publisher = {Association for Computing Machinery},
	author = {Syeed, M. M. Mahbubul and Hansen, Klaus Marius and Hammouda, Imed and Manikas, Konstantinos},
	date = {2014-08-27},
}

@inproceedings{bolici_coordination_2009,
	title = {Coordination without discussion? Socio-technical congruence and Stigmergy in Free and Open Source Software projects},
	eventtitle = {Socio-Technical Congruence Workshop in conj Intl Conf on Software Engineering, Vancouver, Canada},
	author = {Bolici, Francesco and Howison, James and Crowston, Kevin},
	date = {2009}
}

@inproceedings{li_analysis_2012,
	location = {Berlin, Heidelberg},
	title = {Analysis of Requirement and Constrained Model of Inter-Satellite-Link {TT}\&C Scheduling Problem on Navigation Constellation},
	isbn = {978-3-642-33478-8},
	doi = {10.1007/978-3-642-33478-8_21},
	series = {Lecture Notes in Computer Science},
	pages = {160--169},
	booktitle = {Artificial Intelligence and Computational Intelligence},
	publisher = {Springer},
	author = {Li, Jing and Hu, Hong-jun and Yu, Pei-jun and Zhu, Jun},
	date = {2012},
	langid = {english}
}

@book{popovic_methods_1994,
	title = {Methods and Tools for Applied Artificial Intelligence},
	isbn = {978-0-8247-9195-7},
	pagetotal = {548},
	publisher = {{CRC} Press},
	author = {Popovic, D.},
	date = {1994-05-02},
	langid = {english}
}

@article{waterman_guide_1986,
	title = {A guide to expert systems},
	url = {https://www.osti.gov/biblio/5480398},
	author = {Waterman, D.},
	urldate = {2020-05-22},
	date = {1986-01-01},
	note = {Publisher: Addison-Wesley Pub. Co.,Reading, {MA}}
}

@inproceedings{lederberg_how_1987,
	title = {How {DENDRAL} was conceived and born},
	isbn = {978-0-89791-248-8},
	url = {https://doi.org/10.1145/41526.41528},
	doi = {10.1145/41526.41528},
	series = {{HMI} '87},
	pages = {5--19},
	booktitle = {Proceedings of {ACM} conference on History of medical informatics},
	publisher = {Association for Computing Machinery},
	author = {Lederberg, J.},
	date = {1987-12-01}
}

@report{shortliffe_mycin_1974,
	title = {{MYCIN}: a rule-based computer program for advising physicians regarding antimicrobial therapy selection.},
	author = {Shortliffe, Edward Hance},
	date = {1974}
}

@article{gaschnig_prospector_1982,
	title = {Prospector: an expert system for mineral exploration},
	volume = {1982},
	pages = {47--64},
	journaltitle = {D. Michie, ed},
	shortjournal = {D. Michie, ed},
	author = {Gaschnig, J},
	date = {1982}
}

@article{negoita_expert_1985,
	title = {Expert systems and fuzzy systems},
	url = {https://www.osti.gov/biblio/5127536},
	author = {Negoita, C.},
	date = {1985-01-01}
}

@book{kandel_fuzzy_1991,
	title = {Fuzzy Expert Systems},
	isbn = {978-0-8493-4297-4},
	publisher = {{CRC} Press},
	author = {Kandel, Abraham},
	date = {1991-11-12},
	langid = {english}
}

@incollection{medsker_fuzzy_1995,
	location = {Boston, {MA}},
	title = {Fuzzy Logic and Expert Systems},
	isbn = {978-1-4615-2353-6},
	url = {https://doi.org/10.1007/978-1-4615-2353-6_6},
	pages = {95--105},
	booktitle = {Hybrid Intelligent Systems},
	publisher = {Springer {US}},
	author = {Medsker, Larry R.},
	date = {1995},
	langid = {english},
	doi = {10.1007/978-1-4615-2353-6_6}
}

@article{zadeh_fuzzy_1965,
	title = {Fuzzy sets},
	volume = {8},
	issn = {0019-9958},
	doi = {10.1016/S0019-9958(65)90241-X},
	pages = {338--353},
	number = {3},
	journaltitle = {Information and Control},
	shortjournal = {Information and Control},
	author = {Zadeh, L. A.},
	date = {1965-06-01},
	langid = {english}
}

@article{morcillo_tecnicas_nodate,
	title = {Técnicas de Softcomputing},
	pages = {29},
	author = {Morcillo, Carlos González},
	langid = {spanish}
}

@article{zadeh_concept_1975,
	title = {The concept of a linguistic variable and its application to approximate reasoning—I},
	volume = {8},
	issn = {0020-0255},
	doi = {10.1016/0020-0255(75)90036-5},
	pages = {199--249},
	number = {3},
	journaltitle = {Information Sciences},
	shortjournal = {Information Sciences},
	author = {Zadeh, L. A.},
	date = {1975-01-01},
	langid = {english}
}

@article{bellman_decision-making_1970,
	title = {Decision-Making in a Fuzzy Environment},
	volume = {17},
	issn = {0025-1909},
	doi = {10.1287/mnsc.17.4.B141},
	pages = {B--141},
	number = {4},
	journaltitle = {Management Science},
	shortjournal = {Management Science},
	author = {Bellman, R. E. and Zadeh, L. A.},
	date = {1970-12-01}
}

@inreference{wikipedia_fuzzy_2020,
	title = {Fuzzy logic},
	url = {https://en.wikipedia.org/w/index.php?title=Fuzzy_logic&oldid=958171295},
	author = {Wikipedia},
	booktitle = {Wikipedia},
	urldate = {2020-05-22},
	date = {2020-05-22},
	langid = {english},
	note = {Page Version {ID}: 958171295}
}

@online{emathteacher_nodate,
	title = {{eMathTeacher}: Mamdani's fuzzy inference method - Membership functions},
	url = {http://www.dma.fi.upm.es/recursos/aplicaciones/logica_borrosa/web/fuzzy_inferencia/funpert_en.htm},
	urldate = {2020-05-22},
	date = {2020},
	author = {Krishnankutty, Sanjay}
}
